@article{article1,
author = {Yang, Bo and Fu, Xiao and Sidiropoulos, N.D. and Hong, Mingyi},
year = {2016},
month = {10},
pages = {},
title = {Towards K-means-friendly Spaces: Simultaneous Deep Learning and Clustering}
}